<?xml version="1.0" encoding="UTF-8"?><record xmlns="http://www.loc.gov/MARC21/slim" xmlns:cinclude="http://apache.org/cocoon/include/1.0" xmlns:zs="http://www.loc.gov/zing/srw/">
  <leader>01705cz  a2200253n  4500</leader>
  <controlfield tag="001">nr 96035506 </controlfield>
  <controlfield tag="003">DLC</controlfield>
  <controlfield tag="005">20140203020313.0</controlfield>
  <controlfield tag="008">961002n| azannaab           |a ana     c</controlfield>
  <datafield tag="010" ind1=" " ind2=" ">
    <subfield code="a">nr 96035506 </subfield>
  </datafield>
  <datafield tag="040" ind1=" " ind2=" ">
    <subfield code="a">NIC</subfield>
    <subfield code="c">NIC</subfield>
    <subfield code="d">DLC</subfield>
    <subfield code="e">rda</subfield>
  </datafield>
  <datafield tag="110" ind1="2" ind2=" ">
    <subfield code="a">Balai Besar Penelitian dan Pengembangan Pelayanan Kesejahteraan Sosial (Indonesia)</subfield>
  </datafield>
  <datafield tag="368" ind1=" " ind2=" ">
    <subfield code="a">Government body</subfield>
  </datafield>
  <datafield tag="370" ind1=" " ind2=" ">
    <subfield code="c">Indonesia</subfield>
  </datafield>
  <datafield tag="377" ind1=" " ind2=" ">
    <subfield code="a">ind</subfield>
  </datafield>
  <datafield tag="410" ind1="1" ind2=" ">
    <subfield code="a">Indonesia.</subfield>
    <subfield code="b">Badan Penelitian dan Pengembangan Sosial.</subfield>
    <subfield code="b">Balai Besar Penelitian dan Pengembangan Pelayanan Kesejahteraan Sosial</subfield>
  </datafield>
  <datafield tag="410" ind1="2" ind2=" ">
    <subfield code="a">BPKS</subfield>
  </datafield>
  <datafield tag="410" ind1="1" ind2=" ">
    <subfield code="a">Indonesia.</subfield>
    <subfield code="b">Balai Besar Penelitian dan Pengembangan Pelayanan Kesejahteraan Sosial</subfield>
  </datafield>
  <datafield tag="410" ind1="2" ind2=" ">
    <subfield code="a">B2P3KS</subfield>
  </datafield>
  <datafield tag="410" ind1="1" ind2=" ">
    <subfield code="a">Indonesia.</subfield>
    <subfield code="b">Badan Penelitian dan Pengembangan Kesejahteraan Sosial.</subfield>
    <subfield code="b">Balai Besar Penelitian dan Pengembangan Pelayanan Kesejateraan Sosial</subfield>
  </datafield>
  <datafield tag="410" ind1="1" ind2=" ">
    <subfield code="a">Indonesia.</subfield>
    <subfield code="b">Badan Pendidikan dan Penelitian Kesejahteraan Sosial.</subfield>
    <subfield code="b">Balai Besar Penelitian dan Pengembangan Pelayanan Kesejahteraan Sosial</subfield>
  </datafield>
  <datafield tag="670" ind1=" " ind2=" ">
    <subfield code="a">Penelitian tentang kondisi karang ... 1990:</subfield>
    <subfield code="b">t.p. (Departemen Sosial RI, Badan Penelitian dan Pengembangan Sosial, Balai Besar Penelitian dan Pengembangan Pelayanan Kesejahteraan Sosial; BPKS)</subfield>
  </datafield>
  <datafield tag="670" ind1=" " ind2=" ">
    <subfield code="a">Penelitian penanganan anak putus sekolah terlantar ... 1995:</subfield>
    <subfield code="b">t.p. (Departmen Sosial RI, Badan Penelitian dan Pengembangan Kesejahteraan Sosial, Balai Besar Penelitian dan Pengembangan Pelayanan Kesejahteraan Sosial) t.p. verso (B2P3KS)</subfield>
  </datafield>
  <datafield tag="670" ind1=" " ind2=" ">
    <subfield code="a">Implementasi sistem jaringan kerja dalam penyaluran bantuan sosial bencana alam, 2012:</subfield>
    <subfield code="b">t.p. (Kementerian Sosial RI, Badan Pendidikan dan Penelitian Kesejahteraan Sosial, Balai Besar Penelitian dan Pengembangan Pelayanan Kesejahteraan Sosial)</subfield>
  </datafield>
</record>